%% USE BIBTEX ENTRIES FROM INSPIRE, NO SELF-INVENTED SHORT NAMES!

%% Beck 2007
@ARTICLE{Beck_2007,
AUTHOR = {Beck, R. },
TITLE   = {{G}alactic magnetic fields},
YEAR    = {2007},
JOURNAL = {Scholarpedia},
VOLUME  = {2},
NUMBER  = {8},
PAGES   = {2411},
DOI     = {10.4249/scholarpedia.2411},
NOTE    = {revision \#193987}
}

%% Jaffe 2010
@article{Jaffe_2010,
   title={Modelling the Galactic magnetic field on the plane in two dimensions},
   volume={401},
   ISSN={1365-2966},
   url={http://dx.doi.org/10.1111/j.1365-2966.2009.15745.x},
   DOI={10.1111/j.1365-2966.2009.15745.x},
   number={2},
   journal={Monthly Notices of the Royal Astronomical Society},
   publisher={Oxford University Press (OUP)},
   author={Jaffe, T. R. and Leahy, J. P. and Banday, A. J. and Leach, S. M. and Lowe, S. R. and Wilkinson, A.},
   year={2010},
   month={Jan},
   pages={1013–1028}
}

%% Jaffee 2011
@article{Jaffe_2011,
    author = {Jaffe, T. R. and Banday, A. J. and Leahy, J. P. and Leach, S. and Strong, A. W.},
    title = "{Connecting synchrotron, cosmic rays and magnetic fields in the plane of the Galaxy}",
    journal = {Monthly Notices of the Royal Astronomical Society},
    volume = {416},
    number = {2},
    pages = {1152-1162},
    year = {2011},
    month = {09},
    abstract = "{We extend previous work modelling the Galactic magnetic field in the plane using synchrotron emission in total and polarized intensity. In this work, we include a more realistic treatment of the cosmic ray electrons using the galprop propagation code optimized to match the existing high-energy data. This addition reduces the degeneracies in our previous analysis and when combined with an additional observed synchrotron frequency allows us to study the low-energy end of the cosmic ray electron spectrum in a way that has not previously been done. For a pure diffusion propagation, we find a low-energy injection spectrum slightly harder than generally assumed: for J(E) ∝Eα, we find α=−1.34 ± 0.12, implying a very sharp break with the spectrum above a few GeV. This then predicts a synchrotron brightness temperature spectral index, β, on the Galactic plane, that is −2.8 \\&lt; β \\&lt; −2.74 below a few GHz and −2.98 \\&lt; β \\&lt; −2.91 up to 23 GHz. We find that models including cosmic ray re-acceleration processes appear to be incompatible with the synchrotron data.}",
    issn = {0035-8711},
    doi = {10.1111/j.1365-2966.2011.19114.x},
    url = {https://doi.org/10.1111/j.1365-2966.2011.19114.x},
    eprint = {https://academic.oup.com/mnras/article-pdf/416/2/1152/18590169/mnras0416-1152.pdf},
}

%% JF12 2012ApJ...757...14J
%%        %  journal = {\apj}
@ARTICLE{JF12,
       author = {{Jansson}, Ronnie and {Farrar}, Glennys R.},
        title = "{A New Model of the Galactic Magnetic Field}",
       journal={The Astrophysical Journal},
     keywords = {Galaxy: general, Galaxy: structure, ISM: magnetic fields, Astrophysics - Astrophysics of Galaxies},
         year = 2012,
        month = sep,
       volume = {757},
       number = {1},
          eid = {14},
        pages = {14},
          doi = {10.1088/0004-637X/757/1/14},
archivePrefix = {arXiv},
       eprint = {1204.3662},
 primaryClass = {astro-ph.GA},
       adsurl = {https://ui.adsabs.harvard.edu/abs/2012ApJ...757...14J},
      adsnote = {Provided by the SAO/NASA Astrophysics Data System}
}
%% Katia 

@article{Katia_2014,
   title={Analytical models of X-shape magnetic fields in galactic halos},
   volume={561},
   ISSN={1432-0746},
   url={http://dx.doi.org/10.1051/0004-6361/201322966},
   DOI={10.1051/0004-6361/201322966},
   journal={Astronomy \& Astrophysics},
   publisher={EDP Sciences},
   author={Ferrière, Katia and Terral, Philippe},
   year={2014},
   month={Jan},
   pages={A100}
}

%% Su 

@article{Su_2010,
   title={GIANT GAMMA-RAY BUBBLES FROMFERMI-LAT: ACTIVE GALACTIC NUCLEUS ACTIVITY OR BIPOLAR GALACTIC WIND?},
   volume={724},
   ISSN={1538-4357},
   url={http://dx.doi.org/10.1088/0004-637X/724/2/1044},
   DOI={10.1088/0004-637x/724/2/1044},
   number={2},
   journal={The Astrophysical Journal},
   publisher={American Astronomical Society},
   author={Su, Meng and Slatyer, Tracy R. and Finkbeiner, Douglas P.},
   year={2010},
   month={Nov},
   pages={1044–1082}
}
%% CRPropa3 
@article{CRPropa3_2016,
   title={CRPropa 3—a public astrophysical simulation framework for propagating extraterrestrial ultra-high energy particles},
   volume={2016},
   ISSN={1475-7516},
   url={http://dx.doi.org/10.1088/1475-7516/2016/05/038},
   DOI={10.1088/1475-7516/2016/05/038},
   number={05},
   journal={Journal of Cosmology and Astroparticle Physics},
   publisher={IOP Publishing},
   author={Batista, Rafael Alves and Dundovic, Andrej and Erdmann, Martin and Kampert, Karl-Heinz and Kuempel, Daniel and Müller, Gero and Sigl, Guenter and Vliet, Arjen van and Walz, David and Winchen, Tobias},
   year={2016},
   month={May},
   pages={038–038}
}


%% WMAP 
%journal = {\apjs},
@ARTICLE{WMAP_Page,
       author = {{Page}, L. and {Hinshaw}, G. and {Komatsu}, E. and {Nolta}, M.~R. and {Spergel}, D.~N. and {Bennett}, C.~L. and {Barnes}, C. and {Bean}, R. and {Dor{\'e}}, O. and {Dunkley}, J. and {Halpern}, M. and {Hill}, R.~S. and {Jarosik}, N. and {Kogut}, A. and {Limon}, M. and {Meyer}, S.~S. and {Odegard}, N. and {Peiris}, H.~V. and {Tucker}, G.~S. and {Verde}, L. and {Weiland}, J.~L. and {Wollack}, E. and {Wright}, E.~L.},
        title = "{Three-Year Wilkinson Microwave Anisotropy Probe (WMAP) Observations: Polarization Analysis}",
      journal = {The Astrophysical Journal Supplement Series},
     keywords = {Cosmology: Cosmic Microwave Background, Cosmology: Observations, Polarization, Astrophysics},
         year = 2007,
        month = jun,
       volume = {170},
       number = {2},
        pages = {335-376},
          doi = {10.1086/513699},
archivePrefix = {arXiv},
       eprint = {astro-ph/0603450},
 primaryClass = {astro-ph},
       adsurl = {https://ui.adsabs.harvard.edu/abs/2007ApJS..170..335P},
      adsnote = {Provided by the SAO/NASA Astrophysics Data System}
}

%% Sun 2008 
%% journal = {\aap},
@ARTICLE{Sun_2008,
       author = {{Sun}, X.~H. and {Reich}, W. and {Waelkens}, A. and {En{\ss}lin}, T.~A.},
        title = "{Radio observational constraints on Galactic 3D-emission models}",
        journal ={ Astronomy \& Astrophysics},
     keywords = {polarization, radiation mechanisms: non-thermal, radiation mechanisms: thermal, ISM: magnetic fields, ISM: structure, Galaxy: structure, Astrophysics},
         year = 2008,
        month = jan,
       volume = {477},
       number = {2},
        pages = {573-592},
          doi = {10.1051/0004-6361:20078671},
archivePrefix = {arXiv},
       eprint = {0711.1572},
 primaryClass = {astro-ph},
       adsurl = {https://ui.adsabs.harvard.edu/abs/2008A\&A...477..573S},
      adsnote = {Provided by the SAO/NASA Astrophysics Data System}
}




%% Carretti 2013

@article{Carretti_2013,
   title={Giant magnetized outflows from the centre of the Milky Way},
   volume={493},
   ISSN={1476-4687},
   url={http://dx.doi.org/10.1038/nature11734},
   DOI={10.1038/nature11734},
   number={7430},
   journal={Nature},
   publisher={Springer Science and Business Media LLC},
   author={Carretti, Ettore and Crocker, Roland M. and Staveley-Smith, Lister and Haverkorn, Marijke and Purcell, Cormac and Gaensler, B. M. and Bernardi, Gianni and Kesteven, Michael J. and Poppi, Sergio},
   year={2013},
   month={Jan},
   pages={66–69}
}
%% 

%% Beck 2010
@article{beck_2010, 
        author={Beck, Rainer},
        title={Magnetism in galaxies – Observational overview and next generation radio telescopes}, 
        volume={6}, 
        number={S274}, 
        journal={Proceedings of the International Astronomical Union}, publisher={Cambridge University Press}, 
        year={2010}, 
        pages={325–332},
        DOI={10.1017/S1743921311007228}
}

%% Longair

@BOOK{2011hea..book.....L,
       author = {{Longair}, Malcolm S.},
        title = "{High Energy Astrophysics}",
         year = 2011,
       adsurl = {https://ui.adsabs.harvard.edu/abs/2011hea..book.....L},
      adsnote = {Provided by the SAO/NASA Astrophysics Data System}
}

%% Rybicki and Lightman

@BOOK{1986rpa..book.....R,
       author = {{Rybicki}, George B. and {Lightman}, Alan P.},
        title = "{Radiative Processes in Astrophysics}",
         year = 1986,
       adsurl = {https://ui.adsabs.harvard.edu/abs/1986rpa..book.....R},
      adsnote = {Provided by the SAO/NASA Astrophysics Data System}
}

%% Hammurabi

@article{ Hammurabi,
	author = {{Waelkens, A.} and {Jaffe, T.} and {Reinecke, M.} and {Kitaura, F. S.} and {En\ss{}lin, T. A.}},
	title = {Simulating polarized Galactic synchrotron emission   at all
 frequencies - The Hammurabi code},
	DOI= "10.1051/0004-6361:200810564",
	url= "https://doi.org/10.1051/0004-6361:200810564",
	journal = {Astronomy \& Astrophysics},
	year = 2009,
	volume = 495,
	number = 2,
	pages = "697-706",
}


%% eROSITA

@article{eROSITA,
    author = {Predehl, P. and Sunyaev, R. and Becker, Werner and Brunner, Hermann and Burenin, R. and Bykov, A. and Cherepashchuk, A. and Chugai, N. and Churazov, E. and Doroshenko, Victor and Eismont, N. and Freyberg, M. and Gilfanov, M. and Haberl, F. and Khabibullin, I. and Krivonos, R. and Maitra, Chandreyee and Medvedev, Pavel and Merloni, A. and Wilms, J.},
    year = {2020},
    month = {12},
    pages = {},
    title = {Detection of large-scale X-ray bubbles in the Milky Way halo}
}
%% Starlight Pol

@article{Gina_2021,
   title={Revisiting the Distance to Radio Loops I and IV Using Gaia and Radio/Optical Polarization Data},
   volume={922},
   ISSN={1538-4357},
   url={http://dx.doi.org/10.3847/1538-4357/ac273f},
   DOI={10.3847/1538-4357/ac273f},
   number={2},
   journal={The Astrophysical Journal},
   publisher={American Astronomical Society},
   author={Panopoulou, G. V. and Dickinson, C. and Readhead, A. C. S. and Pearson, T. J. and Peel, M. W.},
   year={2021},
   month={Dec},
   pages={210}
}
%% NPS cut 
@article{Wolleben_2007,
   title={A New Model for the Loop I (North Polar Spur) Region},
   volume={664},
   ISSN={1538-4357},
   url={http://dx.doi.org/10.1086/518711},
   DOI={10.1086/518711},
   number={1},
   journal={The Astrophysical Journal},
   publisher={American Astronomical Society},
   author={Wolleben, M.},
   year={2007},
   month={Jul},
   pages={349–356}
}

% Rainer 2013

@article{Beck_2013,
  title={Magnetic Fields in Galaxies},
  url={http://dx.doi.org/10.1007/978-94-007-5612-0_13},
  DOI={10.1007/978-94-007-5612-0_13},
  journal={Planets, Stars and Stellar Systems},
  publisher={Springer Netherlands},
 author={Beck, Rainer and Wielebinski, Richard},
  year={2013},
  pages={641–723}
}

%% Healpix
@article{Healpix_2005,
   title={HEALPix: A Framework for High‐Resolution Discretization and Fast Analysis of Data Distributed on the Sphere},
   volume={622},
   ISSN={1538-4357},
   url={http://dx.doi.org/10.1086/427976},
   DOI={10.1086/427976},
   number={2},
   journal={The Astrophysical Journal},
   publisher={American Astronomical Society},
   author={Gorski, K. M. and Hivon, E. and Banday, A. J. and Wandelt, B. D. and Hansen, F. K. and Reinecke, M. and Bartelmann, M.},
   year={2005},
   month={Apr},
   pages={759–771}
}
%% West Helicity 2020

@article{West_Helicity,
    author = {West, J L and Henriksen, R N and Ferrière, K and Woodfinden, A and Jaffe, T and Gaensler, B M and Irwin, J A},
    title = "{Helicity in the large-scale Galactic magnetic field}",
    journal = {Monthly Notices of the Royal Astronomical Society},
    volume = {499},
    number = {3},
    pages = {3673-3689},
    year = {2020},
    month = {10},
    abstract = "{We search for observational signatures of magnetic helicity in data from all-sky radio polarization surveys of the Milky Way Galaxy. Such a detection would help confirm the dynamo origin of the field and may provide new observational constraints for its shape. We compare our observational results to simulated observations for both a simple helical field, and for a more complex field that comes from a solution to the dynamo equation. Our simulated observations show that the large-scale helicity of a magnetic field is reflected in the large-scale structure of the fractional polarization derived from the observed synchrotron radiation and Faraday depth of the diffuse Galactic synchrotron emission. Comparing the models with the observations provides evidence for the presence of a quadrupolar magnetic field with a vertical component that is pointing away from the observer in both hemispheres of the Milky Way Galaxy. Since there is no reason to believe that the Galactic magnetic field is unusual when compared to other galaxies, this result provides further support for the dynamo origin of large-scale magnetic fields in galaxies.}",
    issn = {0035-8711},
    doi = {10.1093/mnras/staa3068},
    url = {https://doi.org/10.1093/mnras/staa3068},
    eprint = {https://academic.oup.com/mnras/article-pdf/499/3/3673/34055558/staa3068.pdf},
}



%% Planck XIX
%%       journal = {\aap},

@ARTICLE{Planck_XIX,
       author = {{Planck Collaboration} and {Ade}, P.~A.~R. and {Aghanim}, N. and {Alina}, D. and {Alves}, M.~I.~R. and {Armitage-Caplan}, C. and {Arnaud}, M. and {Arzoumanian}, D. and {Ashdown}, M. and {Atrio-Barandela}, F. and {Aumont}, J. and {Baccigalupi}, C. and {Banday}, A.~J. and {Barreiro}, R.~B. and {Battaner}, E. and {Benabed}, K. and {Benoit-L{\'e}vy}, A. and {Bernard}, J. -P. and {Bersanelli}, M. and {Bielewicz}, P. and {Bock}, J.~J. and {Bond}, J.~R. and {Borrill}, J. and {Bouchet}, F.~R. and {Boulanger}, F. and {Bracco}, A. and {Burigana}, C. and {Butler}, R.~C. and {Cardoso}, J. -F. and {Catalano}, A. and {Chamballu}, A. and {Chary}, R. -R. and {Chiang}, H.~C. and {Christensen}, P.~R. and {Colombi}, S. and {Colombo}, L.~P.~L. and {Combet}, C. and {Couchot}, F. and {Coulais}, A. and {Crill}, B.~P. and {Curto}, A. and {Cuttaia}, F. and {Danese}, L. and {Davies}, R.~D. and {Davis}, R.~J. and {de Bernardis}, P. and {de Gouveia Dal Pino}, E.~M. and {de Rosa}, A. and {de Zotti}, G. and {Delabrouille}, J. and {D{\'e}sert}, F. -X. and {Dickinson}, C. and {Diego}, J.~M. and {Donzelli}, S. and {Dor{\'e}}, O. and {Douspis}, M. and {Dunkley}, J. and {Dupac}, X. and {Efstathiou}, G. and {En{\ss}lin}, T.~A. and {Eriksen}, H.~K. and {Falgarone}, E. and {Ferri{\`e}re}, K. and {Finelli}, F. and {Forni}, O. and {Frailis}, M. and {Fraisse}, A.~A. and {Franceschi}, E. and {Galeotta}, S. and {Ganga}, K. and {Ghosh}, T. and {Giard}, M. and {Giraud-H{\'e}raud}, Y. and {Gonz{\'a}lez-Nuevo}, J. and {G{\'o}rski}, K.~M. and {Gregorio}, A. and {Gruppuso}, A. and {Guillet}, V. and {Hansen}, F.~K. and {Harrison}, D.~L. and {Helou}, G. and {Hern{\'a}ndez-Monteagudo}, C. and {Hildebrandt}, S.~R. and {Hivon}, E. and {Hobson}, M. and {Holmes}, W.~A. and {Hornstrup}, A. and {Huffenberger}, K.~M. and {Jaffe}, A.~H. and {Jaffe}, T.~R. and {Jones}, W.~C. and {Juvela}, M. and {Keih{\"a}nen}, E. and {Keskitalo}, R. and {Kisner}, T.~S. and {Kneissl}, R. and {Knoche}, J. and {Kunz}, M. and {Kurki-Suonio}, H. and {Lagache}, G. and {L{\"a}hteenm{\"a}ki}, A. and {Lamarre}, J. -M. and {Lasenby}, A. and {Lawrence}, C.~R. and {Leahy}, J.~P. and {Leonardi}, R. and {Levrier}, F. and {Liguori}, M. and {Lilje}, P.~B. and {Linden-V{\o}rnle}, M. and {L{\'o}pez-Caniego}, M. and {Lubin}, P.~M. and {Mac{\'\i}as-P{\'e}rez}, J.~F. and {Maffei}, B. and {Magalh{\~a}es}, A.~M. and {Maino}, D. and {Mandolesi}, N. and {Maris}, M. and {Marshall}, D.~J. and {Martin}, P.~G. and {Mart{\'\i}nez-Gonz{\'a}lez}, E. and {Masi}, S. and {Matarrese}, S. and {Mazzotta}, P. and {Melchiorri}, A. and {Mendes}, L. and {Mennella}, A. and {Migliaccio}, M. and {Miville-Desch{\^e}nes}, M. -A. and {Moneti}, A. and {Montier}, L. and {Morgante}, G. and {Mortlock}, D. and {Munshi}, D. and {Murphy}, J.~A. and {Naselsky}, P. and {Nati}, F. and {Natoli}, P. and {Netterfield}, C.~B. and {Noviello}, F. and {Novikov}, D. and {Novikov}, I. and {Oxborrow}, C.~A. and {Pagano}, L. and {Pajot}, F. and {Paladini}, R. and {Paoletti}, D. and {Pasian}, F. and {Pearson}, T.~J. and {Perdereau}, O. and {Perotto}, L. and {Perrotta}, F. and {Piacentini}, F. and {Piat}, M. and {Pietrobon}, D. and {Plaszczynski}, S. and {Poidevin}, F. and {Pointecouteau}, E. and {Polenta}, G. and {Popa}, L. and {Pratt}, G.~W. and {Prunet}, S. and {Puget}, J. -L. and {Rachen}, J.~P. and {Reach}, W.~T. and {Rebolo}, R. and {Reinecke}, M. and {Remazeilles}, M. and {Renault}, C. and {Ricciardi}, S. and {Riller}, T. and {Ristorcelli}, I. and {Rocha}, G. and {Rosset}, C. and {Roudier}, G. and {Rubi{\~n}o-Mart{\'\i}n}, J.~A. and {Rusholme}, B. and {Sandri}, M. and {Savini}, G. and {Scott}, D. and {Spencer}, L.~D. and {Stolyarov}, V. and {Stompor}, R. and {Sudiwala}, R. and {Sutton}, D. and {Suur-Uski}, A. -S. and {Sygnet}, J. -F. and {Tauber}, J.~A. and {Terenzi}, L. and {Toffolatti}, L. and {Tomasi}, M. and {Tristram}, M. and {Tucci}, M. and {Umana}, G. and {Valenziano}, L. and {Valiviita}, J. and {Van Tent}, B. and {Vielva}, P. and {Villa}, F. and {Wade}, L.~A. and {Wandelt}, B.~D. and {Zacchei}, A. and {Zonca}, A.},
        title = "{Planck intermediate results. XIX. An overview of the polarized thermal emission from Galactic dust}",
        journal ={ Astronomy \& Astrophysics},
     keywords = {ISM: general, dust, extinction, ISM: magnetic fields, ISM:, clouds, submillimeter: ISM, Astrophysics - Astrophysics of Galaxies},
         year = 2015,
        month = apr,
       volume = {576},
          eid = {A104},
        pages = {A104},
          doi = {10.1051/0004-6361/201424082},
archivePrefix = {arXiv},
       eprint = {1405.0871},
 primaryClass = {astro-ph.GA},
       adsurl = {https://ui.adsabs.harvard.edu/abs/2015A\&A...576A.104P},
      adsnote = {Provided by the SAO/NASA Astrophysics Data System}
}

